@article{mopnar,
	title = "A New Multiobjective Evolutionary Algorithm for Mining a Reduced Set of Interesting Positive and Negative Quantitative Association Rules",
	journal = "IEEE TRANSACTIONS ON EVOLUTIONARY COMPUTATION, VOL. 18, NO. 1,",
	author = "Diana Martin, Alejandro Rosete, Jesús Alcalá-Fdez and Francisco Herrera",
}

@article{rkeel,
	title = "Mining Association Rules in R Using the Package RKEEL",
	journal = "Conference Paper · July 2017",
	author = "Oliver Sánchez, Luciano Sánchez, Jose Moyano and Jesús Alcalá-Fdez",
}
